<?xml version="1.0" encoding="UTF-8"?><record xmlns="http://www.loc.gov/MARC21/slim" xmlns:cinclude="http://apache.org/cocoon/include/1.0" xmlns:zs="http://www.loc.gov/zing/srw/">
  <leader>00445nz  a2200121n  4500</leader>
  <controlfield tag="001">n  97800420 </controlfield>
  <controlfield tag="003">DLC</controlfield>
  <controlfield tag="005">19970127132358.1</controlfield>
  <controlfield tag="008">970127n| acannaab|          |n ana ||| b</controlfield>
  <datafield tag="010" ind1=" " ind2=" ">
    <subfield code="a">n  97800420 </subfield>
  </datafield>
  <datafield tag="040" ind1=" " ind2=" ">
    <subfield code="a">DNLM</subfield>
    <subfield code="c">DLC</subfield>
  </datafield>
  <datafield tag="110" ind1="2" ind2="0">
    <subfield code="a">British Society of Gastroenterology.</subfield>
    <subfield code="b">Clinical Measurements Associates</subfield>
  </datafield>
  <datafield tag="670" ind1=" " ind2=" ">
    <subfield code="a">Clinical measurement in gastroenterology, c1997- :</subfield>
    <subfield code="b">CIP v.1, t.p. (British Society of Gastroenterology, Clinical Measurements Associates)</subfield>
  </datafield>
</record>